<record><leader>00000cas a2200000 a 4500</leader><controlfield tag="001">57764458</controlfield><controlfield tag="007">hd afb---bucu</controlfield><controlfield tag="007">hd bfb---bubu</controlfield><controlfield tag="008">050228d19651984wauwr nea     0    0eng c</controlfield><datafield ind1=" " ind2=" " tag="010"><subfield code="a">  2005252275</subfield></datafield><datafield ind1=" " ind2=" " tag="040"><subfield code="a">WAU</subfield><subfield code="b">eng</subfield><subfield code="c">WAU</subfield><subfield code="d">OCLCQ</subfield><subfield code="d">OCLCF</subfield><subfield code="d">OCLCO</subfield></datafield><datafield ind1="1" ind2=" " tag="029"><subfield code="a">AU@</subfield><subfield code="b">000026750974</subfield></datafield><datafield ind1=" " ind2=" " tag="042"><subfield code="a">pcc</subfield></datafield><datafield ind1=" " ind2=" " tag="043"><subfield code="a">n-us-wa</subfield></datafield><datafield ind1="0" ind2="0" tag="245"><subfield code="a">Camas and Washougal post-record &amp; shoppers' guide</subfield><subfield code="h">[microform].</subfield></datafield><datafield ind1="3" ind2=" " tag="246"><subfield code="a">Camas and Washougal post record and shoppers' guide</subfield></datafield><datafield ind1="3" ind2=" " tag="246"><subfield code="a">Camas Washougal post record and buyers' guide</subfield></datafield><datafield ind1=" " ind2=" " tag="260"><subfield code="a">Camas-Washougal, Wash. :</subfield><subfield code="b">H.S. Zimmerman,</subfield><subfield code="c">[1965]-</subfield></datafield><datafield ind1=" " ind2=" " tag="300"><subfield code="a">19 v. :</subfield><subfield code="b">ill.</subfield></datafield><datafield ind1=" " ind2=" " tag="310"><subfield code="a">Weekly</subfield></datafield><datafield ind1="0" ind2=" " tag="362"><subfield code="a">Vol. 57, no. 44 (Nov. 3, 1965)-</subfield></datafield><datafield ind1="1" ind2=" " tag="362"><subfield code="a">Ceased in 1984.</subfield></datafield><datafield ind1=" " ind2=" " tag="580"><subfield code="a">Merger of: Post-record (Camas, Wash.); Post-record buyers guide (Camas, Wash.); Camas-Washougal shopper; East Clark County advertiser; Heights shoppers' guide; and, Skamania County shopper.</subfield></datafield><datafield ind1=" " ind2=" " tag="588"><subfield code="a">Latest issue consulted: Vol. 27, no. 48 (Nov. 26, 1980).</subfield></datafield><datafield ind1=" " ind2=" " tag="533"><subfield code="a">Microfilm.</subfield><subfield code="b">[Seattle, Wash.] :</subfield><subfield code="c">Filmed by University of Washington Library.</subfield><subfield code="e">6 microfilm reels ; 35 mm.</subfield><subfield code="n">Filmed with: Post-record (Camas, Wash.).</subfield></datafield><datafield ind1=" " ind2="0" tag="651"><subfield code="a">Camas (Wash.)</subfield><subfield code="v">Newspapers.</subfield></datafield><datafield ind1=" " ind2="0" tag="651"><subfield code="a">Washougal (Wash.)</subfield><subfield code="v">Newspapers.</subfield></datafield><datafield ind1=" " ind2="7" tag="655"><subfield code="a">Newspapers.</subfield><subfield code="2">fast</subfield><subfield code="0">(OCoLC)fst01423814</subfield></datafield><datafield ind1=" " ind2="7" tag="651"><subfield code="a">Washington (State)</subfield><subfield code="z">Camas.</subfield><subfield code="2">fast</subfield><subfield code="0">(OCoLC)fst01222724</subfield></datafield><datafield ind1=" " ind2="7" tag="651"><subfield code="a">Washington (State)</subfield><subfield code="z">Washougal.</subfield><subfield code="2">fast</subfield><subfield code="0">(OCoLC)fst01222725</subfield></datafield><datafield ind1=" " ind2=" " tag="752"><subfield code="a">United States</subfield><subfield code="b">Washington</subfield><subfield code="c">Clark</subfield><subfield code="d">Camas.</subfield></datafield><datafield ind1=" " ind2=" " tag="752"><subfield code="a">United States</subfield><subfield code="b">Washington</subfield><subfield code="c">Clark</subfield><subfield code="d">Washougal.</subfield></datafield><datafield ind1="1" ind2=" " tag="776"><subfield code="c">Original</subfield><subfield code="w">(DLC)sn 87093108</subfield><subfield code="w">(OCoLC)17152240</subfield></datafield><datafield ind1="1" ind2="4" tag="780"><subfield code="t">Post-record (Camas, Wash.)</subfield><subfield code="w">(DLC)  2005252274</subfield><subfield code="w">(OCoLC)57764083</subfield></datafield><datafield ind1="1" ind2="4" tag="780"><subfield code="t">Post-record buyers guide (Camas, Wash.)</subfield></datafield><datafield ind1="1" ind2="4" tag="780"><subfield code="t">Camas-Washougal shopper</subfield></datafield><datafield ind1="1" ind2="4" tag="780"><subfield code="t">East Clark County advertiser</subfield></datafield><datafield ind1="1" ind2="4" tag="780"><subfield code="t">Heights shoppers' guide</subfield></datafield><datafield ind1="1" ind2="4" tag="780"><subfield code="t">Skamania County shopper</subfield></datafield><datafield ind1="0" ind2="0" tag="785"><subfield code="t">Camas-Washougal post record &amp; buyers' bonus</subfield></datafield></record>